<?xml version="1.0" encoding="UTF-8"?><collection xmlns="http://www.loc.gov/MARC21/slim"><record><leader>00417nam--2200145-i-4500</leader><controlfield tag="001">000043932</controlfield><controlfield tag="002">20161230</controlfield><controlfield tag="005">20161230201044</controlfield><controlfield tag="008">060222s1000------------r-----000-0-eng-d</controlfield><datafield ind1=" " ind2=" " tag="080"><subfield code="a">802.0</subfield></datafield><datafield ind1=" " ind2=" " tag="100"><subfield code="a">Taylor,Grant</subfield></datafield><datafield ind1=" " ind2=" " tag="245"><subfield code="a">Learning american english. grammar vocabulary ddeoms</subfield></datafield><datafield ind1=" " ind2=" " tag="260"><subfield code="a">New York, Mcgraw-hill Book Co.,1956. Vii + 215 P</subfield></datafield><datafield ind1=" " ind2=" " tag="490"><subfield code="a">Saxon Series In English As A Second Language</subfield></datafield><datafield ind1=" " ind2=" " tag="852"><subfield code="a">32831</subfield></datafield></record></collection>